@misc{evolutionCrypto2022,
  author       = "Satoshi Nakamoto",
  howpublished = "\url{https://bitcoin.org/bitcoin.pdf}",
  title        = "Bitcoin: A Peer-to-Peer Electronic Cash System",
  year         = "2008",
}